@article{William2018,
  title   = "Support vector machine applications in computational biology",
  year    = "2018",
  author  = "William Stafford Noble"
}

@article{Sch2017,
  title   = "The lorentz transformation and absolute time",
  journal = "Physica ",
  volume  = "19",
  number  = "1-â€“12",
  pages   = "888--896",
  year    = "1953",
  doi     = "10.1016/S0031-8914(53)80099-6",
  author  = "Morgan"
}




